@book{gbc16,
    author = {Goodfellow, Ian and Bengio, Yoshua and Courville, Aaron},
    title = {Deep Learning},
    publisher={MIT Press},
    url = {http://www.deeplearningbook.org},
    year={2016}
}

@book{Hastie,
    author = {Hastie, T. and Tibshirani, R. and Friedman, J.},
    title = {The Elements of Statistical Learning},
    year = {2009},
    publisher = {Springer},
    address = {New York}
}

@manual{Franke,
    author = {Franke, Richard},
    title = "{A Critical Comparison of Some Methods for Interpolation of Scattered Data}",
    year = {1979},
    organization = {Naval Postgraduate School},
    address = {Monterey, California}
}

@book{James,
    author = {James, G. and Witten, D. and Hastie, T. and Tibshirani, R.},
    title = "{An Introduction to Statistical Learning}",
    year = {2017},
    publisher = {Springer},
    address = {New York}
}

@article{Hoerl,
    author = {Hoerl, A. E. and Rennard, R. W.},
    title = "{Ridge Regression: Biased Estimation for Nonorthogonal Problems}",
    journal = {Technometrics},
    year = {1970},
    volume = {12},
    number = {1},
    pages = {55--67}
}


@InProceedings{gb10,
    author = {Glorot, Xavier and Bengio, Yoshua},
    title = {Understanding the difficulty of training deep feedforward 
        neural networks},
    booktitle = {Proc. of the Thirteen. Int. Conf. 
        on Artif. Intell. and Stat.},
    series = {Proc. of Mach. Learn. Res.},
    year = {2010},
    pages = {249--256},
    editor = {Teh, Yee Whye and Titterington, Mike},
    volume = {9},
    address = {Chia Laguna Resort, Italy},
    month = {13--15 May},
    publisher = {PMLR},
    url = {https://proceedings.mlr.press/v9/glorot10a.html},
}
@article{YI20041155,
    title = {Neural networks based approach for computing eigenvectors and 
        eigenvalues of symmetric matrix},
    journal = {Computers \& Mathematics with Applications},
    volume = {47},
    number = {8},
    pages = {1155--1164},
    year = {2004},
    issn = {0898-1221},
    doi = {https://doi.org/10.1016/S0898-1221(04)90110-1},
    url = {https://www.sciencedirect.com/science/article/pii/S0898122104901101},
    author = {Zhang Yi and Yan Fu and Hua Jin Tang},
}

@misc{keras,
    author = {Chollet, F. and others},
    title = "{Keras}",
    year = {2015},
    howpublished = {\url{https://keras.io}}
}
